<?xml version="1.0" encoding="UTF-8"?><collection xmlns="http://www.loc.gov/MARC21/slim"><record><leader>00295nam--2200109-i-4500</leader><controlfield tag="001">000025371</controlfield><controlfield tag="002">20161230</controlfield><controlfield tag="005">20161230201035</controlfield><controlfield tag="008">060222s1000------------r-----000-0-eng-d</controlfield><datafield ind1=" " ind2=" " tag="245"><subfield code="a">Insttitut interuniversitaite des sciences nucleaires. monographie</subfield></datafield><datafield ind1=" " ind2=" " tag="260"><subfield code="a">Bruxelles, I.I.S.N., 1957</subfield></datafield><datafield ind1=" " ind2=" " tag="852"><subfield code="a">17834</subfield></datafield></record></collection>